@misc{ErrorCost,
	author={Freyja},
	title={How much could software errors be costing your company?},
	howpublished ={\url{https://raygun.com/blog/cost-of-software-errors/}},
	year={2017},
	month="March"
}

@misc{wiki,
	author={Wikipedia},
	title={Vérification de modèles},
	howpublished ={\url{https://fr.wikipedia.org/wiki/V%C3%A9rification_de_mod%C3%A8les}},
	year={2018},
	month="March"
}

@misc{bardin-slides,
	author={Sebastien Bardin},
	title={Cours de Model Checking, Leçon 2 : Logiques temporelles},
	howpublished ={\url{http://sebastien.bardin.free.fr/MC-cours2.pdf}},
	year={2008}
}

@misc{artale-slides,
	author={Alessandro Artale},
	title={FORMAL METHODS, LECTURE IV: COMPUTATION TREE LOGIC (CTL)},
	howpublished ={\url{http://www.inf.unibz.it/~artale/FM/slide4.pdf}},
	year={2010}
}

@book{RefBook,
  AUTHOR =       "Christel Baier and Joost-Pieter Katoen",
  TITLE =        "Principles of Model Checking",
  PUBLISHER =    "The MIT Press. Cambridge, Massachusetts",
  YEAR =         "2008",
}


@ARTICLE{Birth-MC,
  AUTHOR =       "Edmund M. Clarke",
  TITLE =        "The Birth of Model Checking",
  JOURNAL =      "Carnegie Mellon University, Department of Computer Science. Pittsburgh, PA, USA",
  YEAR =         "2008",
}

% pas cité
@ARTICLE{MC-Pushdown,
  AUTHOR =       "Stefan Schwoon",
  TITLE =        "Model-Checking Pushdown Systems",
  JOURNAL =      "Lehrstuhl für Informatik VII der Technischen Universität München",
  YEAR =         "2002",
}

% pas cité
@ARTICLE{MC-PathsTree,
  AUTHOR =       "Lars Kuhtz",
  TITLE =        "Model Checking Finite Paths and Trees",
  JOURNAL =      "Universität des Saarlandes, Saarbrücken",
  YEAR =         "2010",
}

@ARTICLE{StateExpProb,
  AUTHOR =       "Edmund M. Clarke, William Klieber, Milos Novàcek, Paolo Zuliani1",
  TITLE =        "Model Checking and the State Explosion Problem",
  JOURNAL =      "Carnegie Mellon University \& ETH Zürich",
  YEAR =         "2012",
}

% pas cité
@ARTICLE{Contribution-MC,
  AUTHOR =       "Pierre-Alain Bourdil",
  TITLE =        "Contribution à la modélisation et la vérification formelle par model checking - Symétries pour les Réseaux de Petri temporels",
  JOURNAL =      "Université de Toulouse",
  YEAR =         "2015",
}

@ARTICLE{Kripke,
  AUTHOR =       "Saul A. Kripke",
  TITLE =        "Semantical considerations on modal logic",
  JOURNAL =      "Acta philosophica fennica",
  YEAR =         "1963",
  VOLUME = 		 {16(1963):83–94},
}

% pas cité
@ARTICLE{Rec-Kripke,
  AUTHOR =       "Jan Finis",
  TITLE =        "Incremental Model Checking of Recursive Kripke Structures",
  JOURNAL =      "Augsburg University",
  YEAR =         "2012",
}

% pas cité
@ARTICLE{Intro-MC,
  AUTHOR =       "Stephan Merz",
  TITLE =        "An introduction to Model Checking",
  YEAR =         "2010",
}

@ARTICLE{Bardin-MC,
  AUTHOR =       "Sébastien Bardin",
  TITLE =        "Introduction au Model Checking",
  JOURNAL =      "ENSTA",
  YEAR =         "2008",
}

% pas cité
@ARTICLE{Logique-Tempo-MSAKNI,
  AUTHOR =       "M’Sakni Charfeddine",
  TITLE =        "La Logique Temporelle",
  YEAR =         "2008",
}

% pas cité
@ARTICLE{TD-Complexite-Nice,
  TITLE =        "Informatique théorique : Décidabilité et complexité",
  JOURNAL =      "IUT de Nice Côte d'Azur",
  YEAR =         "2008",
}


